@article{christensen2015disruptive,
  title={What is disruptive innovation},
  author={Christensen, Clayton M and Raynor, Michael E and McDonald, Rory},
  journal={Harvard business review},
  volume={93},
  number={12},
  pages={44--53},
  year={2015},
  publisher={Boston}
}
@article{tadao2019systematic,
  title={A systematic review of the debate and the researchers of disruptive innovation},
  author={Tadao Kawamoto, Carlos and Giovinazzo Spers, Renata},
  journal={Journal of technology management \& innovation},
  volume={14},
  number={1},
  pages={73--82},
  year={2019},
  publisher={Universidad Alberto Hurtado. Facultad de Econom{\'\i}a y Negocios}
}
@book{nissen2018deliver,
  title={Deliver uncompromised: A strategy for supply chain security and resilience in response to the changing character of war},
  author={Nissen, Chris and Gronager, John and Metzger, Robert and Rishikof, Harvey},
  year={2018},
  publisher={MITRE Corporation}
}
@article{kleinhans2019whom,
  title={Whom to trust in a 5G world? Policy recommendations for Europe's 5G challenge},
  author={Jan-Peter Kleinhans},
  year={2019},
  publisher={Stiftung Neue Verantwortung}
}
@article{nis2019eucoordinated,
  title={EU coordinated risk assessment of the cybersecurity of 5G networks},
  author={NIS Cooperation Group},
  year={2019},
  publisher={Network and Information Systems (NIS) Cooperation Group in the European Union}
}
@article{csis2020twinpillars,
  title={Twin Pillars: Upholding National Security and National Innovation in
                  Emerging Technologies Governance},
  author={{Center for Strategic and International Studies (CSIS)}},
  year={2020},
  publisher={Center for Strategic and International Studies}
}
@article{csis2019techpolitik,
  title={Tech-Politik: Historical Perspectives on Innovation, Technology, and Strategic Competition},
  author={{Center for Strategic and International Studies (CSIS)}},
  year={2019},
  publisher={Center for Strategic and International Studies}
}
@article{undir2019stemming,
  title={Stemming the Exploitation of ICT Threats and Vulnerabilities},
  author={UNDIR},
  year={2019},
  publisher={United Nations Institute for Disarmament Research}
}
@article{rotolo2015emerging,
  title={What is an emerging technology?},
  author={Rotolo, Daniele and Hicks, Diana and Martin, Ben R},
  journal={Research policy},
  volume={44},
  number={10},
  pages={1827--1843},
  year={2015},
  publisher={Elsevier}
}
@article{banta2009technology,
  title={What is technology assessment?},
  author={Banta, David},
  journal={International journal of technology assessment in health care},
  volume={25},
  number={S1},
  pages={7--9},
  year={2009},
  publisher={Cambridge University Press}
}
@online{csis2020panel,
  title={{CSIS panel on Emerging Technologies Governance}},
  year={2020},
  author={{Center for Strategic and International Studies (CSIS)}},
  url={\url{https://www.youtube.com/watch?v=1lBlE8w8eQg&feature=youtu.be}},
  publisher={Center for Strategic and International Studies}
}
@online{uk2020covid,
  title={{5G and coronavirus (COVID-19)}},
  year={2020},
  author={{Department for Digital, Culture, Media \& Sport}},
  url={\url{https://www.gov.uk/guidance/5g-and-coronavirus-covid-19}},
  publisher={UK Government}
}
@online{glastonbury20205g,
  title={{Report and Recommendations from Glastonbury Town Council’s 5G Advisory Committee}},
  year={2020},
  author={{Glastonbury Town Council}},
  url={\url{https://glastonbury.gov.uk/2020/04/29/glastonbury-calls-for-5g-inquiry/}},
}
@article{horowitz2019military,
  title={What Is a Military Innovation? A Proposed Framework},
  author={Horowitz, Michael C and Pindyck, Shira},
  journal={A Proposed Framework (December 15, 2019)},
  year={2019}
}
@book{donnelly2000realism,
  title={Realism and international relations},
  author={Donnelly, Jack},
  year={2000},
  publisher={Cambridge University Press},
  pages={7}
}
@article{rudolf2020sino,
  title={The Sino-American world conflict},
  author={Rudolf, Peter},
  year={2020},
  publisher={Stiftung Wissenschaft und Politik}
}
@article{lippert2020sinoamerican,
  title={The Sino-American world conflict},
  author={Lippert, Barbara and Volker, Perthes},
  year={2020},
  publisher={Stiftung Wissenschaft und Politik}
}
@article{lippert2020strategic,
  title={Strategic Rivalry between United States and China},
  author={Lippert, Barbara and Volker, Perthes},
  year={2020},
  publisher={Stiftung Wissenschaft und Politik}
}
@article{sahin2019berlin,
  title={Berlin's preliminary 5G decision},
  author={Sahin, Kaan and Tatlow, Didi},
  year={2019},
  publisher={German Council on Foreign Relations (DGAP)}
}
@article{demchak2018china,
  title={China’s Maxim--Leave No Access Point Unexploited: The Hidden Story of China Telecom’s BGP Hijacking},
  author={Demchak, Chris C and Shavitt, Yuval},
  journal={Military Cyber Affairs},
  volume={3},
  number={1},
  pages={7},
  year={2018}
}
@article{bendiek2019europe,
  title={Europe's third way in cyberspace: what part does the new EU Cybersecurity Act play?},
  author={Bendiek, Annegret and Schallbruch, Martin},
  year={2019},
  publisher={Stiftung Wissenschaft und Politik}
}
@article{drezner2019technological,
  title={Technological change and international relations},
  author={Drezner, Daniel W},
  journal={International Relations},
  volume={33},
  number={2},
  pages={286--303},
  year={2019},
  publisher={SAGE Publications Sage UK: London, England}
}
@book{united2018findings,
  title={Findings of the Investigation Into China's Acts, Policies and Practices Related to Technology Transfer, Intellectual Property, and Innovation Under Section 301 of the Trade Act of 1974},
  author={United States. Office of the US Trade Representative},
  year={2018},
  publisher={Office of the United States Trade Representative, Executive Office of the~…}
}
@incollection{hauptman2019illuminating,
  title={Illuminating the “dark side” of emerging technologies},
  author={Hauptman, Aharon},
  booktitle={Emerging technologies for economic development},
  pages={263--285},
  year={2019},
  publisher={Springer}
}
@article{limba2019industry,
  title={Industry 4.0 and national security: the phenomenon of disruptive technology},
  author={Limba, Tadas and Stankevi{\v{c}}ius, Andrius and Andrulevi{\v{c}}ius, Antanas},
  year={2019},
  publisher={Vilnius: Entrepreneurship and Sustainability Center, 2019}
}
@article{hawes2017transparency,
  title={Transparency and opaqueness in the Chinese ICT sector: A critique of Chinese and international corporate governance norms},
  author={Hawes, Colin and Grace, LI},
  journal={Asian journal of comparative law},
  volume={12},
  number={1},
  pages={41--80},
  year={2017},
  publisher={Cambridge University Press}
}
@article{uk2019telecoms,
  title={UK Telecoms Supply Chain Review Report},
  author={UK Government Department for Digital, Culture, Media \& Sport},
  year={2018},
  publisher={UK Government}
}
@article{uk2019huaweiboard,
  title={Huawei cyber security evaluation centre oversight board: annual report 2019},
  author={UK Cabinet Office and National Security and Intelligence},
  year={2019},
  publisher={UK Government}
}
@article{kleinhans20195g,
  title={5G vs National Security: a European Perspective},
  author={Kleinhans, Jan-Peter},
  journal={Stiftung Neue Verantwortung, Feb},
  year={2019}
}
@article{enisa20195gnetworks,
  title={ENISA Threat Landscape for 5G Networks},
  author={ENISA (European Union Agency for Cybersecurity)},
  year={2019},
  publisher={ENISA}
}
@article{chatham2019whosafraid,
  title={Who’s Afraid of Huawei? Understanding the 5G Security Concerns},
  author={Emily Taylor},
  year={2019},
  publisher={Chatham House}
}
@article{hoffmann2019networks,
  title={Networks and Geopolitics: How great power rivalries infected 5G},
  author={Hoffmann, Stacie and Bradshaw, Samantha and Taylor, Emily},
  journal={Oxford Information Labs, August},
  volume={22},
  pages={4},
  year={2019}
}
@article{eu2019cybersecurity,
  title={Cybersecurity of 5G networks},
  author={EU Commission},
  year={2019},
  publisher={EU}
}
@article{saslow2019globalcyber,
  title={Global Cyber Resilience: thematic and sectoral approaches},
  author={Kate Saslow},
  year={2019},
  publisher={Stiftung Neue Verantwortung}
}
@article{farrell2019weaponized,
  title={Weaponized Globalization: Huawei and the Emerging Battle over 5G Networks},
  author={Farrell, Henry and Newman, Abraham},
  journal={Global Asia},
  volume={14},
  number={3},
  pages={8--12},
  year={2019}
}
@article{kaska2019huawei,
  title={Huawei, 5G and China as a security threat},
  author={Kaska, Kadri and Beckvard, Henrik and Minarik, Tomas},
  journal={NATO Cooperative Cyber Defence Center for Excellence (CCDCOE)},
  volume={28},
  year={2019}
}
@article{brattberg2020eu,
  title={The EU and China in 2020: More Competition Ahead},
  author={Brattberg, Erik and Le Corre, Philippe},
  year={2020}
}
@article{triolo2018geopolitics,
  title={The Geopolitics of 5G},
  author={Triolo, Paul and Allison, Kevin},
  journal={Eurasia Group White Paper, Nov},
  volume={15},
  pages={1811--14},
  year={2018}
}
@book{lysne2018huawei,
  title={The Huawei and Snowden Questions: Can Electronic Equipment from Untrusted Vendors be Verified? Can an Untrusted Vendor Build Trust Into Electronic Equipment?},
  author={Lysne, Olav},
  volume={4},
  year={2018},
  publisher={Springer}
}
@article{ahmed2020dangerous,
  title={Dangerous Messages or Satire? Analysing the Conspiracy Theory Linking 5G to COVID-19 through Social Network Analysis},
  author={Ahmed, Wasim and Vidal-Alaball, Josep and Downing, Joseph and Segu{\'\i}, Francesc Lopez},
  journal={J. Med Internet Res},
  year={2020}
}
@article{shahsavari2020conspiracy,
  title={Conspiracy in the Time of Corona: Automatic detection of Covid-19 Conspiracy Theories in Social Media and the News},
  author={Shahsavari, Shadi and Holur, Pavan and Tangherlini, Timothy R and Roychowdhury, Vwani},
  journal={arXiv preprint arXiv:2004.13783},
  year={2020}
}
@article{pummerer2020conspiracy,
  title={Conspiracy Theories in Times of Crisis and their Societal Effects: Case “Corona”},
  author={Pummerer, Lotte and Sassenberg, Kai},
  year={2020},
  publisher={PsyArXiv}
}
@book{bekkers2019hybrid,
  title={Hybrid conflicts: the new normal?},
  author={Bekkers, Frank and Meessen, Rick and Lassche, Deborah},
  year={2019},
  publisher={Den Haag: TNO}
}
@article{balzacq2016securitization,
  title={‘Securitization’revisited: Theory and cases},
  author={Balzacq, Thierry and L{\'e}onard, Sarah and Ruzicka, Jan},
  journal={International Relations},
  volume={30},
  number={4},
  pages={494--531},
  year={2016},
  publisher={SAGE Publications Sage UK: London, England}
}
@book{keohane1986neorealism,
  title={Neorealism and its Critics},
  author={Keohane, Robert Owen},
  year={1986},
  publisher={Columbia University Press}
}
@article{collingridge1982social,
  title={The social control of technology},
  author={Collingridge, David},
  year={1982}
}