@article{weissmann2019hybrid,
  title={Hybrid warfare and hybrid threats today and tomorrow: towards an analytical framework},
  author={Weissmann, Mikael},
  journal={Journal on Baltic Security},
  volume={5},
  number={1},
  pages={17--26},
  year={2019},
  publisher={Sciendo}
}
@article{schmid2019hybrid,
  title={Hybrid warfare on the Ukrainian battlefield: developing theory based on empirical evidence},
  author={Schmid, Johann},
  journal={Journal on Baltic Security},
  volume={5},
  number={1},
  pages={5--15},
  year={2019},
  publisher={Sciendo}
}
@book{von1956war,
  title={On war},
  author={Von Clausewitz, Carl},
  volume={2},
  year={1956},
}
@article{wither2016making,
  title={Making Sense of Hybrid Warfare},
  author={Wither, James K},
  journal={Connections},
  volume={15},
  number={2},
  pages={73--87},
  year={2016},
  publisher={JSTOR}
}
@misc{robinson2019modern,
  title={Modern political warfare: Current practices and possible responses},
  author={Linda Robinson and others},
  year={2019},
  publisher={Rand Corporation}
}
@book{galula2006counterinsurgency,
  title={Counterinsurgency warfare: theory and practice},
  author={Galula, David},
  year={2006},
  publisher={Greenwood Publishing Group},
}
@article{millsafrican,
  title={The African Security Intersection},
  author={Mills, Greg},
  year={2020}
}
@article{pierini2019election,
  title={Election Meddling, the'Unnoticed'Dissonance between'Alarming Warnings' and the Reductive Assessments about Their'Effects' on Returns and the Not-Necessarily'Foreign'Media Manipulation},
  author={Pierini, Jean Paul},
  journal={Rassegna della Giustizia Militare},
  number={6},
  year={2019}
}
@article{jones2019russian,
  title={Russian Meddling in the United States: The Historical Context of the Mueller Report},
  author={Jones, SG},
  journal={CSIS Briefs},
  year={2019}
}
@article{carter2018csis,
  title={CSIS Election Cybersecurity Scorecard: The Outlook for 2018, 2020 and Beyond},
  author={Carter, William},
  publisher={CSIS},
  year={2018}
}
@article{coredsman2018csis,
  title={The Strategic Threat from Iranian Hybrid Warfare in the Gulf},
  author={Anthony H. Cordesman},
  publisher={CSIS},
  year={2019}
}
@book{hunter2015challenges,
  title={The challenges of hybrid warfare},
  author={Hunter, Eve and Pernik, Piret},
  year={2015},
  publisher={International Centre for Defence and Security}
}
@article{thomas2004russia,
  title={Russia's reflexive control theory and the military},
  author={Thomas, Timothy},
  journal={Journal of Slavic Military Studies},
  volume={17},
  number={2},
  pages={237--256},
  year={2004},
  publisher={Taylor \& Francis}
}
@article{snegovaya2015putin,
  title={Putin’s information warfare in Ukraine},
  author={Snegovaya, Maria},
  journal={Soviet Origins of Russia’s Hybrid Warfare’, Russia Report},
  volume={1},
  pages={133--135},
  year={2015}
}
@techreport{gortney2010department,
  title={Department of defense dictionary of military and associated terms},
  author={Gortney, William E},
  year={2010},
  institution={Joint Chiefs Of Staff Washington}
}
@article{jasper2014islamic,
  title={The Islamic State is a Hybrid Threat: Why Does That Matter?},
  author={Jasper, Scott and Moreland, Scott},
  journal={Journal Article| Dec},
  volume={1},
  number={11},
  pages={50pm},
  year={2014}
}
@article{agnieszka2015ukraine,
  title={Ukraine and Russia: People, Politics, Propaganda and Perspectives},
  author={Agnieszka, Pikulicka-Wilczewska and Richard, Sakwa},
  journal={E-International Relations Publishing},
  volume={121},
  year={2015}
}
@article{lanoszka2016russian,
  title={Russian hybrid warfare and extended deterrence in eastern Europe},
  author={Lanoszka, Alexander},
  journal={International affairs},
  volume={92},
  number={1},
  pages={175--195},
  year={2016},
  publisher={Oxford University Press}
}
@book{bekkers2019hybrid,
  title={Hybrid conflicts: the new normal?},
  author={Bekkers, Frank and Meessen, Rick and Lassche, Deborah},
  year={2019},
  publisher={Den Haag: TNO}
}
@book{mumford2013proxy,
  title={Proxy warfare},
  author={Mumford, Andrew},
  year={2013},
  publisher={John Wiley \& Sons}
}
@article{marshall2016civil,
  title={From civil war to proxy war: past history and current dilemmas},
  author={Marshall, Alex},
  journal={Small Wars \& Insurgencies},
  volume={27},
  number={2},
  pages={183--195},
  year={2016},
  publisher={Taylor \& Francis}
}
@article{byman2008iran,
  title={Iran, terrorism, and weapons of mass destruction},
  author={Byman, Daniel},
  journal={Studies in Conflict \& Terrorism},
  volume={31},
  number={3},
  pages={169--181},
  year={2008},
  publisher={Taylor \& Francis}
}
@book{jones2019war,
  title={War by Proxy: Iran's Growing Footprint in the Middle East},
  author={Jones, Seth G},
  year={2019},
  publisher={Center for Strategic \& International Studies}
}
@article{azani2013hybrid,
  title={The hybrid terrorist organization: Hezbollah as a case study},
  author={Azani, Eitan},
  journal={Studies in Conflict \& Terrorism},
  volume={36},
  number={11},
  pages={899--916},
  year={2013},
  publisher={Taylor \& Francis}
}
@article{broedersmutually,
  title={Mutually Assured Diplomacy: Governance,‘unpeace’and diplomacy in cyberspace},
  author={Broeders, Dennis},
  journal={Digital Debates},
  pages={26}
}
@article{jean2020russia,
  title={Russia As A Hurricane, China As Climate Change Different Ways Of Information Warfare},
  author={Jean Baptiste Jeangène Vilmer And Paul Charon},
  journal={War on the Rocks},
  year={2020}
}
@inproceedings{carlsson2017art,
  title={The art of war in the cyber world},
  author={Carlsson, Anders and Gustavsson, Rune},
  booktitle={2017 4th International Scientific-Practical Conference Problems of Infocommunications. Science and Technology (PIC S\&T)},
  pages={42--44},
  year={2017},
  organization={IEEE}
}
@article{farwell2011stuxnet,
  title={Stuxnet and the future of cyber war},
  author={Farwell, James P and Rohozinski, Rafal},
  journal={Survival},
  volume={53},
  number={1},
  pages={23--40},
  year={2011},
  publisher={Taylor \& Francis}
}
@article{miniats2019war,
  title={War of Nerves: Russia's Use of Cyber Warfare in Estonia, Georgia and Ukraine},
  author={Miniats, Madelena Anna},
  year={2019}
}
@misc{vevera2019dimensions,
  title={The Dimensions of CYBER WARFARE in the Sino-Russian Space},
  author={VEVERA, Adrian Victor and CIUPERC{\u{A}}, Ella Magdalena},
  year={2019},
  publisher={Romanian Cyber Security Journal}
}
@book{praks2015hybrid,
  title={Hybrid Or Not: Deterring and Defeating Russia's Ways of Warfare in the Baltics: the Case of Estonia},
  author={Praks, Henrik},
  year={2015},
  publisher={Research Division, NATO Defense College}
}
@article{dunlap2008lawfare,
  title={Lawfare today: A perspective},
  author={Dunlap Jr, Charles J},
  journal={Yale J. Int'l Aff.},
  volume={3},
  pages={146},
  year={2008},
  publisher={HeinOnline}
}
@book{kittrie2016lawfare,
  title={Lawfare: Law as a weapon of war},
  author={Kittrie, Orde F},
  year={2016},
  publisher={Oxford University Press}
}
@article{abbott2016understanding,
  title={Understanding and Countering Hybrid Warfare: Next Steps for the North Atlantic Treaty Organization},
  author={Abbott, Kathleen},
  year={2016}
}
@article{farrar1973preclusive,
  title={Preclusive purchases: politics and economic warfare in France during the First World War},
  author={Farrar, Marjorie M},
  journal={The Economic History Review},
  volume={26},
  number={1},
  pages={117--133},
  year={1973},
  publisher={JSTOR}
}
@misc{huang2019why,
  title={{Why China buying up ports is worrying Europe}},
  year={2018},
  publisher={South China Morning Post},
  author={{Kristin Huang}},
  howpublished={\url{https://www.scmp.com/news/china/diplomacy/article/2165341/why-china-buying-ports-worrying-europe}},
}
@article{sahin2019berlin,
  title={Berlin's preliminary 5G decision},
  author={Sahin, Kaan and Tatlow, Didi},
  year={2019},
  publisher={German Council on Foreign Relations (DGAP)}
}
@misc{davies20205g,
  title={Emerging Technologies and International Security Literature Review: Conceptualizations of 5G},
  author={Todd Davies},
  year={2020},
  howpublished={\url{https://todddavies.co.uk/api/notes-dl?key=5719549001334784}},
}
@article{lambert2017brits,
  title={Brits-Krieg: The Strategy of Economic Warfare},
  author={Lambert, NA and Perkovich, George and Levite, Ariel},
  journal={Understanding Cyber Conflict},
  volume={14},
  pages={123--146},
  year={2017}
}