@article{dorsch2017polycentric,
  title={A polycentric approach to global climate governance},
  author={Dorsch, Marcel J and Flachsland, Christian},
  journal={Global Environmental Politics},
  volume={17},
  number={2},
  pages={45--64},
  year={2017},
  publisher={MIT Press}
}

@inbook{marshall2015don,
  title={Don't even think about it: Why our brains are wired to ignore climate change},
  author={Marshall, George},
  pages={95},
  year={2015},
  publisher={Bloomsbury Publishing USA}
}

@article{harrison2010united,
  title={The United States as outlier: economic and institutional challenges to US climate policy},
  author={Harrison, Kathryn},
  journal={Global commons, domestic decisions: The comparative politics of climate change},
  pages={67--103},
  year={2010},
  publisher={MIT Press}
}

@misc{gallup,
  author={Gallup},
  title={Environmental Protection vs Economic Growth},
  year={2019},
  note={Data retrieved from Gallup,\\
          \url{https://news.gallup.com/poll/1615/environment.aspx}},
}

@misc{fff,
  author={Fridays for Future},
  title={Fridays for Future Statistics},
  year={2020},
  note={Data retrieved from fridaysforfuture.org,\\
          \url{https://www.fridaysforfuture.org/statistics/graph}},
}

@misc{greenpeace2020,
  author={{Greenpeace}},
  title={Greenpeace protest at BlackRock: Stop financing Siemens and Adani coal mine},
  year={2020},
  note={Data retrieved from greenpeace.org,\\
          \url{https://www.greenpeace.org/international/press-release/28472/greenpeace-protest-at-blackrock-stop-financing-siemens-and-adani-coal-mine-%EF%BB%BF/}},
}


@misc{dw2020,
  author={{Deutsche Welle}},
  title={Climate protesters take on Siemens board meeting},
  year={2020},
  note={Data retrieved from dw.com,\\
          \url{https://www.dw.com/en/climate-protesters-take-on-siemens-board-meeting/a-52263613}},
}

@misc{wearestillin-connecticut,
  author={\firstsecond{We Are Still In}{Still In}},
  title={Connecticut's Sustainability Plan},
  year={2020},
  note={Data retrieved from We Are Still In,\\
          \url{https://www.wearestillin.com/organization/connecticut}},
}

@misc{wearestillin-hawaii,
  author={\firstsecond{We Are Still In}{Still In}},
  title={Hawai'i's Sustainability Plan},
  year={2020},
  note={Data retrieved from We Are Still In,\\
          \url{https://www.wearestillin.com/organization/hawaii}},
}

@misc{wearestillin-california,
  author={\firstsecond{We Are Still In}{Still In}},
  title={California's Sustainability Plan},
  year={2020},
  note={Data retrieved from We Are Still In,\\
          \url{https://www.wearestillin.com/organization/california}},
}

@misc{reshaping2020fink,
  author={Larry Fink},
  title={A Fundamental Reshaping of Finance},
  year={2020},
  note={\url{https://www.blackrock.com/uk/individual/larry-fink-ceo-letter}},
}

@misc{reba2020,
  author={REBA},
  title={Renewable Energy Buyser Alliance; About Us},
  year={2020},
  note={\url{https://rebuyers.org/about/vision/}},
}

@article{balthasar2019energy,
  author = {Balthasar, Andreas and Schreurs, Miranda and Varone, Frédéric},
  year = {2019},
  month = {12},
  title = {Energy Transition in Europe and the United States: Policy Entrepreneurs and Veto Players in Federalist Systems},
  journal = {The Journal of Environment \& Development},
}

@article{goldenberg2013secret,
  title={Secret funding helped build vast network of climate denial thinktanks},
  author={Goldenberg, Suzanne},
  journal={The Guardian},
  volume={14},
  year={2013}
}

@article{supran2017assessing,
  title={Assessing ExxonMobil’s climate change communications (1977--2014)},
  author={Supran, Geoffrey and Oreskes, Naomi},
  journal={Environmental Research Letters},
  volume={12},
  number={8},
  pages={084019},
  year={2017},
  publisher={IOP Publishing}
}

@article{franta2018early,
  title={Early oil industry knowledge of CO 2 and global warming},
  author={Franta, Benjamin},
  journal={Nature Climate Change},
  volume={8},
  number={12},
  pages={1024--1025},
  year={2018},
  publisher={Nature Publishing Group}
}

@article{bruno1997world,
  title={The world of greenwash},
  author={Bruno, Kenny},
  journal={CorpWatch, January},
  volume={1},
  pages={1997},
  year={1997}
}

@article{shipan2012policy,
  title={Policy diffusion: Seven lessons for scholars and practitioners},
  author={Shipan, Charles R and Volden, Craig},
  journal={Public Administration Review},
  volume={72},
  number={6},
  pages={788--796},
  year={2012},
  publisher={Wiley Online Library}
}

@book{ostrom2009polycentric,
  title={A polycentric approach for coping with climate change},
  author={Ostrom, Elinor},
  year={2009},
  publisher={The World Bank}
}

@inbook{cutler1999private,
  title={Private authority and international affairs},
  author={Cutler, A Claire and Haufler, Virginia and Porter, Tony},
  year={1999},
  pages={16},
  publisher={Suny Press}
}

@article{auld2013private,
  title={Private regulation in global environmental governance},
  author={Auld, Graeme and Gulbrandsen, Lars H},
  journal={The handbook of global climate and environment policy},
  pages={394--411},
  year={2013},
  publisher={Wiley Online Library}
}

@misc{microsoft,
  author={Microsoft},
  title={Microsoft will be carbon negative by 2030},
  year={2020},
  note={Data retrieved from blogs.microsoft.com,\\
          \url{https://blogs.microsoft.com/blog/2020/01/16/microsoft-will-be-carbon-negative-by-2030/}},
}

@misc{microsoft2015,
  author={Microsoft},
  title={Expanding beyond our carbon neutral operations to accelerate
                  global and local good },
  year={2015},
  note={Data retrieved from microsoft.com,\\
        \url{http://download.microsoft.com/download/6/7/0/6706756C-867B-4A53-BDDD-30D93650FED1/Microsoft_Beyond_Carbon_Neutral.pdf}},
}

@misc{fairtrade,
  author={{Fairtrade Labelling Organization}},
  year={2020},
  note={Data retrieved from:
                  \url{https://www.fairtrade.net/impact/overview}},
}

@misc{fsc,
  author={{Forest Sustinability Council}},
  year={2020},
  note={Data retrieved from:
                  \url{https://fsc.org/en/page/facts-figures}},
}

@misc{msc,
  author={{Marine Sustinability Council}},
  year={2020},
  note={Data retrieved from:
                  \url{https://www.msc.org/what-we-are-doing/our-collective-impact}},
}

@misc{google,
  author={Google},
  title={Environmental Report 2019},
  year={2019},
  pages={26},
  note={Data retrieved from sustainability.google,\\
          \url{https://sustainability.google/reports/}},
}

@misc{google2013,
  author={Google},
  title={Expanding Renewable Energy Options for Companies Through
                  Utility-Offered “Renewable Energy Tariffs”},
  year={2013},
  note={Offers an explaination of how Purchasing Power Agreements
                  work. Data retrieved from:\\
                  \url{https://static.googleusercontent.com/media/www.google.com/en//green/pdf/renewable-energy-options.pdf}},
}

@misc{taiwan,
  author={{Taiwanese Ministry of Economic Affairs}},
  title={The Electricity Act},
  year={2017},
  note={Data retrieved from The Laws and Regulations Database of the
                  Republic of China. Amendment 11 was passed on
                  26.01.2017, and affects Chapter 5, Article 45.\\
                  \url{https://law.moj.gov.tw/ENG/LawClass/LawParaDeatil.aspx?pcode=J0030011&bp=5}},
}

@article{cole2011global,
  title={From global to polycentric climate governance},
  author={Cole, Daniel H},
  journal={Climate law},
  volume={2},
  number={3},
  pages={395--413},
  year={2011},
  publisher={IOS Press}
}

@book{rogers2010diffusion,
  title={Diffusion of innovations},
  author={Rogers, Everett M},
  year={2010},
  publisher={Simon and Schuster}
}

@article{rogers1979diffusion,
  title={Diffusion of innovations: An up-to-date review and commentary},
  author={Rogers, Everett M and Adhikarya, Ronny},
  journal={Annals of the International Communication Association},
  volume={3},
  number={1},
  pages={67--81},
  year={1979},
  publisher={Taylor \& Francis}
}

@article{cole2015advantages,
  title={Advantages of a polycentric approach to climate change policy},
  author={Cole, Daniel H},
  journal={Nature Climate Change},
  volume={5},
  number={2},
  pages={114--118},
  year={2015},
  publisher={Nature Publishing Group}
}

@book{bromley1992making,
  title={Making the Commons Work: theory, practice and policy},
  author={Bromley, Daniel W and McKean, Margaret A and Gilles, Jere L and Oakerson, Ronald J and Runge, C Fordcoed and others},
  number={307.72 M3},
  pages={302},
  year={1992}
}

@article{cashore2002legitimacy,
  title={Legitimacy and the privatization of environmental governance: How non--state market--driven (NSMD) governance systems gain rule--making authority},
  author={Cashore, Benjamin},
  journal={Governance},
  volume={15},
  number={4},
  pages={503--529},
  year={2002},
  publisher={Wiley Online Library}
}

@article{parguel2011sustainability,
  title={How sustainability ratings might deter ‘greenwashing’: A closer look at ethical corporate communication},
  author={Parguel, B{\'e}atrice and Beno{\^\i}t-Moreau, Florence and Larceneux, Fabrice},
  journal={Journal of business ethics},
  volume={102},
  number={1},
  pages={15},
  year={2011},
  publisher={Springer}
}

@article{matisoff2013convergence,
  title={Convergence in environmental reporting: assessing the Carbon Disclosure Project},
  author={Matisoff, Daniel C and Noonan, Douglas S and O'Brien, John J},
  journal={Business Strategy and the Environment},
  volume={22},
  number={5},
  pages={285--305},
  year={2013},
  publisher={Wiley Online Library}
}

@book{scott1998seeing,
  title={Seeing like a state: How certain schemes to improve the human condition have failed},
  author={Scott, James C},
  year={1998},
  publisher={Yale University Press}
}
